<record><leader>00000cas a22000007a 4500</leader><controlfield tag="001">19096395</controlfield><controlfield tag="008">890202d19071920nduwr ne      0    0eng d</controlfield><datafield ind1=" " ind2=" " tag="010"><subfield code="a">sn 88076520 </subfield></datafield><datafield ind1=" " ind2=" " tag="040"><subfield code="a">NOP</subfield><subfield code="b">eng</subfield><subfield code="c">NOP</subfield><subfield code="d">OCLCQ</subfield></datafield><datafield ind1=" " ind2=" " tag="042"><subfield code="a">msc</subfield></datafield><datafield ind1="0" ind2=" " tag="130"><subfield code="a">Devils Lake journal (Devils Lake, N.D. : 1907)</subfield></datafield><datafield ind1="1" ind2="0" tag="245"><subfield code="a">Devils Lake journal.</subfield></datafield><datafield ind1=" " ind2=" " tag="260"><subfield code="a">Devils Lake, N.D. :</subfield><subfield code="b">J.H. Bloom</subfield></datafield><datafield ind1=" " ind2=" " tag="300"><subfield code="a">11 v. :</subfield><subfield code="b">ill.</subfield></datafield><datafield ind1=" " ind2=" " tag="310"><subfield code="a">Weekly</subfield></datafield><datafield ind1="0" ind2=" " tag="362"><subfield code="a">Vol. 3, no. 38 (May 23, 1907)-v. 14, no. 230 (June 30, 1920).</subfield></datafield><datafield ind1=" " ind2=" " tag="500"><subfield code="a">"Official newspaper of Ramsey County."</subfield></datafield><datafield ind1=" " ind2=" " tag="530"><subfield code="a">Available on microfilm from the State Historical Society of North Dakota.</subfield></datafield><datafield ind1=" " ind2=" " tag="752"><subfield code="a">United States</subfield><subfield code="b">North Dakota</subfield><subfield code="c">Ramsey</subfield><subfield code="d">Devils Lake.</subfield></datafield><datafield ind1="0" ind2=" " tag="775"><subfield code="t">Devils Lake daily journal</subfield><subfield code="w">(DLC)sn 88076521</subfield></datafield><datafield ind1="0" ind2="0" tag="780"><subfield code="t">Devils Lake journal and the Devils Lake news</subfield><subfield code="w">(DLC)sn 88076519</subfield></datafield></record>